[gd_scene load_steps=7 format=2]

[ext_resource path="res://res/theme.tres" type="Theme" id=1]
[ext_resource path="res://scripts/NewRecordPanel.gd" type="Script" id=2]
[ext_resource path="res://scenes/ColorField.tscn" type="PackedScene" id=3]
[ext_resource path="res://scenes/BasicField.tscn" type="PackedScene" id=4]
[ext_resource path="res://scenes/ExtendedField.tscn" type="PackedScene" id=5]
[ext_resource path="res://scenes/OptionField.tscn" type="PackedScene" id=6]

[node name="NewRecordPanel" type="ColorRect" groups=["translation"]]
anchor_right = 1.0
anchor_bottom = 1.0
rect_pivot_offset = Vector2( 128, 254 )
focus_mode = 1
theme = ExtResource( 1 )
color = Color( 0, 0, 0, 1 )
script = ExtResource( 2 )
__meta__ = {
"_edit_use_anchors_": false
}

[node name="Panel" type="VBoxContainer" parent="."]
anchor_right = 1.0
anchor_bottom = 1.0
margin_left = 5.0
margin_top = 10.0
margin_right = -5.0
margin_bottom = -10.0
__meta__ = {
"_edit_use_anchors_": false
}

[node name="Label" type="Label" parent="Panel"]
margin_right = 246.0
margin_bottom = 30.0
rect_min_size = Vector2( 0, 30 )
text = "ADD NEW RECORD"
valign = 1

[node name="FieldList" type="VBoxContainer" parent="Panel"]
margin_top = 34.0
margin_right = 246.0
margin_bottom = 453.0
size_flags_horizontal = 3
size_flags_vertical = 3

[node name="Forename" parent="Panel/FieldList" instance=ExtResource( 4 )]
anchor_right = 0.0
margin_right = 246.0
margin_bottom = 30.0
text = "Forename"

[node name="Location" parent="Panel/FieldList" instance=ExtResource( 6 )]
anchor_right = 0.0
margin_top = 34.0
margin_right = 246.0
margin_bottom = 64.0
text = "Location"

[node name="Contact" parent="Panel/FieldList" instance=ExtResource( 4 )]
anchor_right = 0.0
margin_top = 68.0
margin_right = 246.0
margin_bottom = 98.0
text = "Contact"

[node name="Category" parent="Panel/FieldList" instance=ExtResource( 6 )]
anchor_right = 0.0
margin_top = 102.0
margin_right = 246.0
margin_bottom = 132.0
text = "Category"

[node name="Description" parent="Panel/FieldList" instance=ExtResource( 5 )]
anchor_right = 0.0
margin_top = 136.0
margin_right = 246.0
margin_bottom = 236.0
text = "Description"

[node name="Label" parent="Panel/FieldList" instance=ExtResource( 3 )]
anchor_right = 0.0
margin_top = 240.0
margin_right = 246.0
margin_bottom = 320.0
text = "Label"

[node name="Buttons" type="HBoxContainer" parent="Panel"]
margin_top = 457.0
margin_right = 246.0
margin_bottom = 492.0
rect_min_size = Vector2( 0, 35 )

[node name="Accept" type="Button" parent="Panel/Buttons"]
margin_right = 121.0
margin_bottom = 35.0
size_flags_horizontal = 3
size_flags_vertical = 3
text = "Accept"

[node name="Cancel" type="Button" parent="Panel/Buttons"]
margin_left = 125.0
margin_right = 246.0
margin_bottom = 35.0
size_flags_horizontal = 3
text = "Cancel"

[connection signal="gui_input" from="." to="." method="_on_NewRecordPanel_gui_input"]
[connection signal="pressed" from="Panel/Buttons/Accept" to="." method="_on_Accept_pressed"]
[connection signal="pressed" from="Panel/Buttons/Cancel" to="." method="_on_Cancel_pressed"]
